<?xml version="1.0" encoding="UTF-8"?>
<record xmlns="http://www.loc.gov/MARC21/slim" xmlns:xsi="http://www.w3.org/2001/XMLSchema-instance" xsi:schemaLocation="http://www.loc.gov/MARC21/slim http://www.loc.gov/standards/marcxml/schema/MARC21slim.xsd">
<leader>     cam a2200313   4500</leader>
<controlfield tag="001">001677512</controlfield>
<controlfield tag="003">NNU</controlfield>
<controlfield tag="005">19980825232750.9</controlfield>
<controlfield tag="008">870828s1948    ua       b    000 0carard</controlfield>
<datafield tag="035" ind1="9" ind2=" ">
<subfield code="a">NYUb12220892</subfield>
</datafield>
<datafield tag="035" ind1=" " ind2=" ">
<subfield code="a">(MH)MHBHE13445HU</subfield>
</datafield>
<datafield tag="035" ind1=" " ind2=" ">
<subfield code="a">(OCoLC)16581496</subfield>
</datafield>
<datafield tag="035" ind1=" " ind2=" ">
<subfield code="a">(CStRLIN)MAHGBHE13445-B</subfield>
</datafield>
<datafield tag="040" ind1=" " ind2=" ">
<subfield code="a">CLU</subfield>
<subfield code="c">CLU</subfield>
<subfield code="d">MH</subfield>
<subfield code="d">CStRLIN</subfield>
</datafield>
<datafield tag="050" ind1="0" ind2=" ">
<subfield code="a">CS1122</subfield>
<subfield code="b">.I2 1948</subfield>
</datafield>
<datafield tag="100" ind1="1" ind2=" ">
<subfield code="a">Ibn Ḥazm, ʻAlī ibn Aḥmad,</subfield>
<subfield code="d">994-1064.</subfield>
</datafield>
<datafield tag="245" ind1="1" ind2="0">
<subfield code="a">Jamharat ansāb al-ʻArab : /</subfield>
<subfield code="c">li-Abī Muḥammad ʻAlī ibn Saʻīd ibn Ḥazm al-Andalusī. Nashr, wa-taḥqīq wa-taʻalīq E. Layfī-Bruvansāl.</subfield>
</datafield>
<datafield tag="246" ind1="3" ind2=" ">
<subfield code="a">Djamharat ansab al-'Arab</subfield>
</datafield>
<datafield tag="260" ind1=" " ind2=" ">
<subfield code="a">Miṣr :</subfield>
<subfield code="b">Dār al-Maʻārif,</subfield>
<subfield code="c">1948.</subfield>
</datafield>
<datafield tag="300" ind1=" " ind2=" ">
<subfield code="a">11, 524, 11 p. :</subfield>
<subfield code="b">facsims. ;</subfield>
<subfield code="c">25 cm.</subfield>
</datafield>
<datafield tag="490" ind1="1" ind2=" ">
<subfield code="a">Dhakhāʼir al-ʻĀrab,</subfield>
<subfield code="v">2</subfield>
</datafield>
<datafield tag="500" ind1=" " ind2=" ">
<subfield code="a">Introd. in Arabic and French.</subfield>
</datafield>
<datafield tag="500" ind1=" " ind2=" ">
<subfield code="a">Title on added t.p.: Djamharat ansab al-'Arab, by Ibn Hazm al-Andalusi.</subfield>
</datafield>
<datafield tag="504" ind1=" " ind2=" ">
<subfield code="a">Includes bibliographical references and indexes.</subfield>
</datafield>
<datafield tag="650" ind1=" " ind2="0">
<subfield code="a">Arabs</subfield>
<subfield code="v">Genealogy.</subfield>
</datafield>
<datafield tag="700" ind1="1" ind2=" ">
<subfield code="a">Lévi-Provençal, Evariste,</subfield>
<subfield code="d">1894-1956.</subfield>
</datafield>
<datafield tag="830" ind1=" " ind2="0">
<subfield code="a">Dhakhāʼir al-ʻArab ;</subfield>
<subfield code="v">2.</subfield>
</datafield>
<datafield tag="OWN" ind1=" " ind2=" ">
<subfield code="a">GENERAL</subfield>
</datafield>
<datafield tag="950" ind1=" " ind2=" ">
<subfield code="l">BMAIN</subfield>
<subfield code="a">CS1122</subfield>
<subfield code="b">.I2 1948</subfield>
</datafield>
<datafield tag="955" ind1=" " ind2=" ">
<subfield code="l">BMAIN</subfield>
<subfield code="c">1</subfield>
<subfield code="r">007192712</subfield>
</datafield>
<datafield tag="998" ind1=" " ind2=" ">
<subfield code="s">9115</subfield>
</datafield>
<datafield tag="AVA" ind1=" " ind2=" ">
<subfield code="a">NYU50</subfield>
<subfield code="b">BOBST</subfield>
<subfield code="c">Main Collection</subfield>
<subfield code="d">CS1122 .I2 1948</subfield>
<subfield code="e">unavailable</subfield>
<subfield code="t">Unavailable</subfield>
<subfield code="f">1</subfield>
<subfield code="g">1</subfield>
<subfield code="h">N</subfield>
<subfield code="i">2</subfield>
<subfield code="j">MAIN</subfield>
<subfield code="k">0</subfield>
</datafield>
</record>
